@misc{web:learnopengl,
  author = {Joey de Vries},
  title = {Learn OpenGL},
  year = {2020},
  url = {https://learnopengl.com}
}

@misc{web:opengl-tuto,
  author = {opengl-tutorial},
  title = {OpenGL Tutorial},
  year = {2020},
  url = {http://www.opengl-tutorial.org}
}
@misc{web:thinMatrix,
  author = {ThinMatrix Youtube Channel},
  title = {3D game engine using OpenGL},
  year = {2019},
  url = {https://www.youtube.com/user/ThinMatrix}
}